<collection xmlns="http://www.loc.gov/MARC21/slim">
<record>
  <leader>00661nam0a22001331i 450 </leader>
  <controlfield tag="001">IT\ICCU\CNCE\066503</controlfield>
  <controlfield tag="005">20060918000000.0</controlfield>
  <datafield tag="100" ind1=" " ind2=" ">
    <subfield code="a">20060907f1600        0itac0103    ba</subfield>
  </datafield>
  <datafield tag="101" ind1=" " ind2=" ">
    <subfield code="a">ITA</subfield>
  </datafield>
  <datafield tag="102" ind1=" " ind2=" ">
    <subfield code="a">IT</subfield>
  </datafield>
  <datafield tag="200" ind1="1" ind2=" ">
    <subfield code="a">Opere spirituali, del r.p. Fuluio Androtio , della Compagnia di Giesu, diuise in tre parti. Nelle quali si tratta della meditazione della vita, &amp; morte del nostro Saluator Giesu Christo. Della frequenza della communione. Et de lo stato lodeuole delle vedoue. Vtile ad ogni sorte di persone, che desiderano viuere spiritualmente</subfield>
  </datafield>
  <datafield tag="210" ind1=" " ind2=" ">
    <subfield code="d">\dopo il 1600!</subfield>
  </datafield>
  <datafield tag="300" ind1=" " ind2=" ">
    <subfield code="a">ANNULLATA. E&apos; DEL 1603. IL V. 2 DEL 1600 CFR. CNCE 1748</subfield>
  </datafield>
  <datafield tag="801" ind1=" " ind2="3">
    <subfield code="a">IT</subfield>
    <subfield code="b">ICCU</subfield>
    <subfield code="c">20201115</subfield>
  </datafield>
</record>
</collection>
